<record><leader>00000cas a2200000 a 4500</leader><controlfield tag="001">30116486</controlfield><controlfield tag="008">940411d187u1872oruwr ne      0    0eng c</controlfield><datafield ind1=" " ind2=" " tag="010"><subfield code="a">sn 93051628 </subfield></datafield><datafield ind1=" " ind2=" " tag="040"><subfield code="a">CUY</subfield><subfield code="b">eng</subfield><subfield code="c">CNK</subfield><subfield code="d">OCN</subfield><subfield code="d">OCLCQ</subfield><subfield code="d">OCLCF</subfield><subfield code="d">OCLCO</subfield></datafield><datafield ind1="1" ind2=" " tag="029"><subfield code="a">AU@</subfield><subfield code="b">000010970845</subfield></datafield><datafield ind1=" " ind2=" " tag="042"><subfield code="a">pcc</subfield></datafield><datafield ind1=" " ind2=" " tag="043"><subfield code="a">n-us-or</subfield></datafield><datafield ind1="0" ind2="0" tag="245"><subfield code="a">Umpqua ensign.</subfield></datafield><datafield ind1=" " ind2=" " tag="260"><subfield code="a">Roseburg, Or. :</subfield><subfield code="b">Gale Bro's.</subfield></datafield><datafield ind1=" " ind2=" " tag="300"><subfield code="a">v.</subfield></datafield><datafield ind1=" " ind2=" " tag="310"><subfield code="a">Weekly</subfield></datafield><datafield ind1="1" ind2=" " tag="362"><subfield code="a">Ceased in 1872.</subfield></datafield><datafield ind1=" " ind2=" " tag="530"><subfield code="a">Also issued on microfilm from University of Oregon.</subfield></datafield><datafield ind1=" " ind2=" " tag="588"><subfield code="a">Description based on: Vol. 5, no. 31 (Feb. 24, 1872).</subfield></datafield><datafield ind1=" " ind2=" " tag="588"><subfield code="a">Latest issue consulted: Vol. 5, no. 31 (Feb. 24, 1872).</subfield></datafield><datafield ind1=" " ind2="0" tag="651"><subfield code="a">Roseburg (Or.)</subfield><subfield code="v">Newspapers.</subfield></datafield><datafield ind1=" " ind2="0" tag="651"><subfield code="a">Douglas County (Or.)</subfield><subfield code="v">Newspapers.</subfield></datafield><datafield ind1=" " ind2="7" tag="655"><subfield code="a">Newspapers.</subfield><subfield code="2">fast</subfield><subfield code="0">(OCoLC)fst01423814</subfield></datafield><datafield ind1=" " ind2="7" tag="651"><subfield code="a">Oregon</subfield><subfield code="z">Douglas County.</subfield><subfield code="2">fast</subfield><subfield code="0">(OCoLC)fst01222154</subfield></datafield><datafield ind1=" " ind2="7" tag="651"><subfield code="a">Oregon</subfield><subfield code="z">Roseburg.</subfield><subfield code="2">fast</subfield><subfield code="0">(OCoLC)fst01218087</subfield></datafield><datafield ind1=" " ind2=" " tag="752"><subfield code="a">United States</subfield><subfield code="b">Oregon</subfield><subfield code="c">Douglas</subfield><subfield code="d">Roseburg.</subfield></datafield><datafield ind1="0" ind2="0" tag="780"><subfield code="t">Roseburg ensign</subfield><subfield code="w">(DLC)sn 93051627</subfield></datafield><datafield ind1="0" ind2="0" tag="785"><subfield code="t">Roseburg pantagraph</subfield><subfield code="w">(DLC)sn 85033160</subfield></datafield></record>